@misc{Naghiloo2019,
  doi = {10.48550/ARXIV.1904.09291},
  author = {Naghiloo,  Mahdi},
  title = {Introduction to Experimental Quantum Measurement with Superconducting Qubits},
  publisher = {arXiv},
  year = {2019},
}

@misc{PurcellGill,
  title = {Carr-Purcell-Meiboom-Gill Sequence},
  url = {https://www.sciencedirect.com/topics/chemistry/carr-purcell-meiboom-gill-sequence},
  publisher = {Science Direct},
  year = {2023},
}
@misc{Efthymiou_2023,
  title         = {Qibolab: an open-source hybrid quantum operating system},
  author        = {Efthymiou,  Stavros and Orgaz-Fuertes,  Alvaro and Carobene,  Rodolfo and Cereijo,  Juan and Pasquale,  Andrea and Ramos-Calderer,  Sergi and Bordoni,  Simone and Fuentes-Ruiz,  David and Candido,  Alessandro and Pedicillo,  Edoardo and Robbiati,  Matteo and Tan,  Yuanzheng Paul and Wilkens,  Jadwiga and Roth,  Ingo and Latorre,  Jos\'{e} Ignacio and Carrazza,  Stefano},
  year          = 2023,
  publisher     = {arXiv},
  doi           = {10.48550/ARXIV.2308.06313}
}


@article{Springel2005,
  doi = {10.1038/nature03597},
  url = {https://doi.org/10.1038/nature03597},
  year = {2005},
  month = jun,
  publisher = {Springer Science and Business Media {LLC}},
  volume = {435},
  number = {7042},
  pages = {629--636},
  author = {Volker Springel and Simon D. M. White and Adrian Jenkins and Carlos S. Frenk and Naoki Yoshida and Liang Gao and Julio Navarro and Robert Thacker and Darren Croton and John Helly and John A. Peacock and Shaun Cole and Peter Thomas and Hugh Couchman and August Evrard and J\"{o}rg Colberg and Frazer Pearce},
  title = {Simulations of the formation,  evolution and clustering of galaxies and quasars},
  journal = {Nature}
}

@article{Arbey2021,
  doi = {10.1016/j.ppnp.2021.103865},
  url = {https://doi.org/10.1016/j.ppnp.2021.103865},
  year = {2021},
  month = jul,
  publisher = {Elsevier {BV}},
  volume = {119},
  pages = {103865},
  author = {A. Arbey and F. Mahmoudi},
  title = {Dark matter and the early Universe: A review},
  journal = {Progress in Particle and Nuclear Physics}
}

@misc{integration,
  title = {Integration Weights Measurement},
  url = {https://docs.zhinst.com/shfqa_user_manual/tutorial_qubit_weight.html},
  publisher = {Zurich Instruments},
  year = {2023},
}

@misc{fig_rot,
    title = {Dynamics in Disk Galaxies},
    url = {https://pages.astronomy.ua.edu/keel/galaxies/diskdyn.html},
    publisher = {The University of Alabama},
    year = {2015},
}

@misc{fig_lensing,
    title = {Gravitational Lenses: Spyglasses Into the Universe},
    url = {https://scitechdaily.com/gravitational-lenses-spyglasses-into-the-universe},
    publisher = {SciTechDaily},
    year = {2022},
}

@article{Petriello2008,
  doi = {10.1088/1126-6708/2008/09/047},
  url = {https://doi.org/10.1088/1126-6708/2008/09/047},
  year = {2008},
  month = sep,
  publisher = {Springer Science and Business Media {LLC}},
  volume = {2008},
  number = {09},
  pages = {047--047},
  author = {Frank J Petriello and Kathryn M Zurek},
  title = {{DAMA} and {WIMP} dark matter},
  journal = {Journal of High Energy Physics}
}

@article{Belenchia2022,
  doi = {10.1016/j.physrep.2021.11.004},
  url = {https://doi.org/10.1016/j.physrep.2021.11.004},
  year = {2022},
  month = mar,
  publisher = {Elsevier {BV}},
  volume = {951},
  pages = {1--70},
  author = {Alessio Belenchia and Matteo Carlesso and \"{O}mer Bayraktar and Daniele Dequal and Ivan Derkach and Giulio Gasbarri and Waldemar Herr and Ying Lia Li and Markus Rademacher and Jasminder Sidhu and Daniel K.L. Oi and Stephan T. Seidel and Rainer Kaltenbaek and Christoph Marquardt and Hendrik Ulbricht and Vladyslav C. Usenko and Lisa W\"{o}rner and Andr{\'{e}} Xuereb and Mauro Paternostro and Angelo Bassi},
  title = {Quantum physics in space},
  journal = {Physics Reports}
}

@article{Einasto2009,
  doi = {10.48550/ARXIV.0901.0632},
  url = {https://arxiv.org/abs/0901.0632},
  author = {Einasto,  Jaan},
  keywords = {Cosmology and Nongalactic Astrophysics (astro-ph.CO),  FOS: Physical sciences,  FOS: Physical sciences},
  title = {Dark Matter},
  publisher = {arXiv},
  year = {2009},
  copyright = {arXiv.org perpetual,  non-exclusive license}
}

@article{Fano1961,
  doi = {10.1103/physrev.124.1866},
  year = {1961},
  month = dec,
  publisher = {American Physical Society ({APS})},
  volume = {124},
  number = {6},
  pages = {1866--1878},
  author = {U. Fano},
  title = {Effects of Configuration Interaction on Intensities and Phase Shifts},
  journal = {Physical Review}
}

@article{Limonov2017,
  doi = {10.1038/nphoton.2017.142},
  year = {2017},
  month = sep,
  publisher = {Springer Science and Business Media {LLC}},
  volume = {11},
  number = {9},
  pages = {543--554},
  author = {Mikhail F. Limonov and Mikhail V. Rybin and Alexander N. Poddubny and Yuri S. Kivshar},
  title = {Fano resonances in photonics},
  journal = {Nature Photonics}
}

@article{Majer2007,
  doi = {10.1038/nature06184},
  year = {2007},
  month = sep,
  publisher = {Springer Science and Business Media {LLC}},
  volume = {449},
  number = {7161},
  pages = {443--447},
  author = {J. Majer and J. M. Chow and J. M. Gambetta and Jens Koch and B. R. Johnson and J. A. Schreier and L. Frunzio and D. I. Schuster and A. A. Houck and A. Wallraff and A. Blais and M. H. Devoret and S. M. Girvin and R. J. Schoelkopf},
  title = {Coupling superconducting qubits via a cavity bus},
  journal = {Nature}
}

@misc{Roth2021,
  doi = {10.48550/ARXIV.2106.11352},
  author = {Roth,  Thomas E. and Ma,  Ruichao and Chew,  Weng C.},
  keywords = {Quantum Physics (quant-ph),  FOS: Physical sciences,  FOS: Physical sciences},
  title = {An Introduction to the Transmon Qubit for Electromagnetic Engineers},
  publisher = {arXiv},
  year = {2021},
  copyright = {arXiv.org perpetual,  non-exclusive license}
}

@article{Gu2017,
  doi = {10.1016/j.physrep.2017.10.002},
  year = {2017},
  month = nov,
  publisher = {Elsevier {BV}},
  volume = {718-719},
  pages = {1--102},
  author = {Xiu Gu and Anton Frisk Kockum and Adam Miranowicz and Yu-xi Liu and Franco Nori},
  title = {Microwave photonics with superconducting quantum circuits},
  journal = {Physics Reports}
}

@article{Kalfus2020,
  doi = {10.1109/tqe.2020.3042895},
  year = {2020},
  publisher = {Institute of Electrical and Electronics Engineers ({IEEE})},
  volume = {1},
  pages = {1--12},
  author = {William D. Kalfus and Diana F. Lee and Guilhem J. Ribeill and Spencer D. Fallek and Andrew Wagner and Brian Donovan and Diego Riste and Thomas A. Ohki},
  title = {High-Fidelity Control of Superconducting Qubits Using Direct Microwave Synthesis in Higher Nyquist Zones},
  journal = {{IEEE} Transactions on Quantum Engineering}
}

@misc{DDS,
    url={https://www.ieee.li/pdf/essay/dds.pdf},
    journal={A Technical Tutorial on Digital Signal Synthesis},
    author={Analog Devices}
} 

@BOOK{Tinkham2004,
  title     = "Introduction to Superconductivity: v. 1",
  author    = "Tinkham, Michael",
  publisher = "Dover Publications",
  series    = "Dover Books on Physics",
  edition   =  2,
  month     =  jun,
  year      =  2004,
  address   = "Mineola, NY"
}

@misc{Langford2013,
  doi = {10.48550/ARXIV.1310.1897},
  url = {https://arxiv.org/abs/1310.1897},
  author = {Langford,  Nathan K.},
  keywords = {Quantum Physics (quant-ph),  Superconductivity (cond-mat.supr-con),  FOS: Physical sciences,  FOS: Physical sciences},
  title = {Circuit QED - Lecture Notes},
  publisher = {arXiv},
  year = {2013},
  copyright = {arXiv.org perpetual,  non-exclusive license}
}

@incollection{Kockum2019,
  doi = {10.1007/978-3-030-20726-7_17},
  url = {https://doi.org/10.1007/978-3-030-20726-7_17},
  year = {2019},
  publisher = {Springer International Publishing},
  pages = {703--741},
  author = {Anton Frisk Kockum and Franco Nori},
  title = {Quantum Bits with Josephson Junctions},
  booktitle = {Fundamentals and Frontiers of the Josephson Effect}
}

@misc{adam,
  doi = {10.48550/ARXIV.1412.6980},
  url = {https://arxiv.org/abs/1412.6980},
  author = {Kingma,  Diederik P. and Ba,  Jimmy},
  keywords = {Machine Learning (cs.LG),  FOS: Computer and information sciences,  FOS: Computer and information sciences},
  title = {Adam: A Method for Stochastic Optimization},
  publisher = {arXiv},
  year = {2014},
  copyright = {arXiv.org perpetual,  non-exclusive license}
}

@article{Stefanazzi2022,
	title        = {The {QICK} (Quantum Instrumentation Control Kit): Readout and control for qubits and detectors},
	author       = {Leandro Stefanazzi and Kenneth Treptow and Neal Wilcer and Chris Stoughton and Collin Bradford and Sho Uemura and Silvia Zorzetti and Salvatore Montella and Gustavo Cancelo and Sara Sussman and Andrew Houck and Shefali Saxena and Horacio Arnaldi and Ankur Agrawal and Helin Zhang and Chunyang Ding and David I. Schuster},
	year         = 2022,
	month        = apr,
	journal      = {Review of Scientific Instruments},
	publisher    = {{AIP} Publishing},
	volume       = 93,
	number       = 4,
	doi          = {10.1063/5.0076249},
	url          = {https://doi.org/10.1063/5.0076249}
}

@article{Arute2019,
  doi = {10.1038/s41586-019-1666-5},
  url = {https://doi.org/10.1038/s41586-019-1666-5},
  year = {2019},
  month = oct,
  publisher = {Springer Science and Business Media {LLC}},
  volume = {574},
  number = {7779},
  pages = {505--510},
  author = {Frank Arute and Kunal Arya and Ryan Babbush and Dave Bacon and Joseph C. Bardin and Rami Barends and Rupak Biswas and Sergio Boixo and Fernando G. S. L. Brandao and David A. Buell and Brian Burkett and Yu Chen and Zijun Chen and Ben Chiaro and Roberto Collins and William Courtney and Andrew Dunsworth and Edward Farhi and Brooks Foxen and Austin Fowler and Craig Gidney and Marissa Giustina and Rob Graff and Keith Guerin and Steve Habegger and Matthew P. Harrigan and Michael J. Hartmann and Alan Ho and Markus Hoffmann and Trent Huang and Travis S. Humble and Sergei V. Isakov and Evan Jeffrey and Zhang Jiang and Dvir Kafri and Kostyantyn Kechedzhi and Julian Kelly and Paul V. Klimov and Sergey Knysh and Alexander Korotkov and Fedor Kostritsa and David Landhuis and Mike Lindmark and Erik Lucero and Dmitry Lyakh and Salvatore Mandr{\`{a}} and Jarrod R. McClean and Matthew McEwen and Anthony Megrant and Xiao Mi and Kristel Michielsen and Masoud Mohseni and Josh Mutus and Ofer Naaman and Matthew Neeley and Charles Neill and Murphy Yuezhen Niu and Eric Ostby and Andre Petukhov and John C. Platt and Chris Quintana and Eleanor G. Rieffel and Pedram Roushan and Nicholas C. Rubin and Daniel Sank and Kevin J. Satzinger and Vadim Smelyanskiy and Kevin J. Sung and Matthew D. Trevithick and Amit Vainsencher and Benjamin Villalonga and Theodore White and Z. Jamie Yao and Ping Yeh and Adam Zalcman and Hartmut Neven and John M. Martinis},
  title = {Quantum supremacy using a programmable superconducting processor},
  journal = {Nature}
}

@misc{FundamentalsAndFrontiersJosephsonEffect,
    url={https://vdoc.pub/documents/fundamentals-and-frontiers-of-the-josephson-effect-3agaqrlc6u70},
    journal={Fundamentals And Frontiers Of The Josephson Effect},
    author={Francesco Tafuri}
} 

@article{Josephson1962,
  doi = {10.1016/0031-9163(62)91369-0},
  url = {https://doi.org/10.1016/0031-9163(62)91369-0},
  year = {1962},
  month = jul,
  publisher = {Elsevier {BV}},
  volume = {1},
  number = {7},
  pages = {251--253},
  author = {B.D. Josephson},
  title = {Possible new effects in superconductive tunnelling},
  journal = {Physics Letters}
}

@article{Koch2007,
  doi = {10.1103/physreva.76.042319},
  url = {https://doi.org/10.1103/physreva.76.042319},
  year = {2007},
  month = oct,
  publisher = {American Physical Society ({APS})},
  volume = {76},
  number = {4},
  author = {Jens Koch and Terri M. Yu and Jay Gambetta and A. A. Houck and D. I. Schuster and J. Majer and Alexandre Blais and M. H. Devoret and S. M. Girvin and R. J. Schoelkopf},
  title = {Charge-insensitive qubit design derived from the Cooper pair box},
  journal = {Physical Review A}
}

@article{Bladh2005,
  doi = {10.1088/1367-2630/7/1/180},
  url = {https://doi.org/10.1088/1367-2630/7/1/180},
  year = {2005},
  month = aug,
  publisher = {{IOP} Publishing},
  volume = {7},
  pages = {180--180},
  author = {K Bladh and T Duty and D Gunnarsson and P Delsing},
  title = {The single Cooper-pair box as a charge qubit},
  journal = {New Journal of Physics}
}

@article{Vool2017,
  doi = {10.1002/cta.2359},
  url = {https://doi.org/10.1002/cta.2359},
  year = {2017},
  month = jun,
  publisher = {Wiley},
  volume = {45},
  number = {7},
  pages = {897--934},
  author = {Uri Vool and Michel Devoret},
  title = {Introduction to quantum electromagnetic circuits},
  journal = {International Journal of Circuit Theory and Applications}
}

@misc{CPBimage,
    url={https://qudev.phys.ethz.ch/static/content/courses/QSIT11/QSIT11_V06_slides.pdf},
    journal={The Cooper Pair Box},
    author={ETH}
} 

@article{Schuster2005,
  doi = {10.1103/physrevlett.94.123602},
  url = {https://doi.org/10.1103/physrevlett.94.123602},
  year = {2005},
  month = mar,
  publisher = {American Physical Society ({APS})},
  volume = {94},
  number = {12},
  author = {D. I. Schuster and A. Wallraff and A. Blais and L. Frunzio and R.-S. Huang and J. Majer and S. M. Girvin and R. J. Schoelkopf},
  title = {ac Stark Shift and Dephasing of a Superconducting Qubit Strongly Coupled to a Cavity Field},
  journal = {Physical Review Letters}
}

@misc{ramsey_experiment,
    title={Experiments on superconducting Josephson phase quantum bits},
    url={https://www.researchgate.net/figure/Illustration-of-the-Ramsey-experiment-in-the-Bloch-sphere-representation-of-the-qubit_fig39_47041555},
    journal={Researchgate},
} 

@misc{nii_quantum_lectures,
    title={Quantum Information Lecture Series},
    url={https://www.nii.ac.jp/qis/first-quantum/e/forStudents/lecture/index.html}
}

@article{Gambetta2011,
  title = {Analytic control methods for high-fidelity unitary operations in a weakly nonlinear oscillator},
  author = {Gambetta, J. M. and Motzoi, F. and Merkel, S. T. and Wilhelm, F. K.},
  journal = {Phys. Rev. A},
  volume = {83},
  issue = {1},
  pages = {012308},
  numpages = {13},
  year = {2011},
  month = {1},
  publisher = {American Physical Society},
  doi = {10.1103/PhysRevA.83.012308},
  url = {https://link.aps.org/doi/10.1103/PhysRevA.83.012308}
}

@article{Motzoi2009,
  title = {Simple Pulses for Elimination of Leakage in Weakly Nonlinear Qubits},
  author = {Motzoi, F. and Gambetta, J. M. and Rebentrost, P. and Wilhelm, F. K.},
  journal = {Phys. Rev. Lett.},
  volume = {103},
  issue = {11},
  pages = {110501},
  numpages = {4},
  year = {2009},
  month = {9},
  publisher = {American Physical Society},
  doi = {10.1103/PhysRevLett.103.110501},
  url = {https://link.aps.org/doi/10.1103/PhysRevLett.103.110501}
}

@article{Magesan2012,
  doi = {10.1103/physreva.85.042311},
  url = {https://doi.org/10.1103/physreva.85.042311},
  year = {2012},
  month = 4,
  publisher = {American Physical Society ({APS})},
  volume = {85},
  number = {4},
  author = {Easwar Magesan and Jay M. Gambetta and Joseph Emerson},
  title = {Characterizing quantum gates via randomized benchmarking},
  journal = {Physical Review A}
}

@misc{Gao2021,
  doi = {10.48550/ARXIV.2106.06173},
  url = {https://arxiv.org/abs/2106.06173},
  author = {Gao,  Yvonne Y. and Rol,  M. Adriaan and Touzard,  Steven and Wang,  Chen},
  keywords = {Quantum Physics (quant-ph),  FOS: Physical sciences,  FOS: Physical sciences},
  title = {A practical guide for building superconducting quantum devices},
  publisher = {arXiv},
  year = {2021},
  copyright = {arXiv.org perpetual,  non-exclusive license}
}


@thesis{Balasiu2017,
    author = {Stefania Balasiu} ,
    title = {Single-Qubit Gates Calibration in PycQED using Superconducting Qubits},
    school = {ETH},
    year = {2017}
}

@phdthesis{Zijun2018,
    author = {Zijun Chen} ,
    title = {Metrology of Quantum Control and Measurement in Superconducting Qubits},
    school = {UC Santa Barbara},
    year = {2018}
}

@phdthesis{Gao2008,
    author = {Jiansong Gao} ,
    title = {The Physics of Superconducting Microwave Resonators},
    school = {UC Santa Barbara},
    year = {2008}
}

@phdthesis{Greene2014,
    author = {Amy Greene} ,
    title = {Calibration and Utilization of High-Fidelity Two-Qubit Operations},
    school = {Massachusetts Institute of Technology},
    year = {2008}
}

@misc{Barrett2023,
  doi = {10.48550/ARXIV.2303.03347},
  url = {https://arxiv.org/abs/2303.03347},
  author = {Barrett,  Cora N. and Karamlou,  Amir H. and Muschinske,  Sarah E. and Rosen,  Ilan T. and Braum\"{u}ller,  Jochen and Das,  Rabindra and Kim,  David K. and Niedzielski,  Bethany M. and Schuldt,  Meghan and Serniak,  Kyle and Schwartz,  Mollie E. and Yoder,  Jonilyn L. and Orlando,  Terry P. and Gustavsson,  Simon and Grover,  Jeffrey A. and Oliver,  William D.},
  keywords = {Quantum Physics (quant-ph),  FOS: Physical sciences,  FOS: Physical sciences},
  title = {Learning-based Calibration of Flux Crosstalk in Transmon Qubit Arrays},
  publisher = {arXiv},
  year = {2023},
  copyright = {Creative Commons Zero v1.0 Universal}
}

@article{Harrington2017,
  doi = {10.1103/physrevlett.118.240401},
  url = {https://doi.org/10.1103/physrevlett.118.240401},
  year = {2017},
  month = jun,
  publisher = {American Physical Society ({APS})},
  volume = {118},
  number = {24},
  author = {P.{\hspace{0.167em}}M. Harrington and J.{\hspace{0.167em}}T. Monroe and K.{\hspace{0.167em}}W. Murch},
  title = {Quantum Zeno Effects from Measurement Controlled Qubit-Bath Interactions},
  journal = {Physical Review Letters}
}

@article{Kim2023,
  doi = {10.1038/s41586-023-06096-3},
  url = {https://doi.org/10.1038/s41586-023-06096-3},
  year = {2023},
  month = jun,
  publisher = {Springer Science and Business Media {LLC}},
  volume = {618},
  number = {7965},
  pages = {500--505},
  author = {Youngseok Kim and Andrew Eddins and Sajant Anand and Ken Xuan Wei and Ewout van den Berg and Sami Rosenblatt and Hasan Nayfeh and Yantao Wu and Michael Zaletel and Kristan Temme and Abhinav Kandala},
  title = {Evidence for the utility of quantum computing before fault tolerance},
  journal = {Nature}
}

@article{Klimov2018,
  doi = {10.1103/physrevlett.121.090502},
  url = {https://doi.org/10.1103/physrevlett.121.090502},
  year = {2018},
  month = aug,
  publisher = {American Physical Society ({APS})},
  volume = {121},
  number = {9},
  author = {P.{\hspace{0.167em}}V. Klimov and J. Kelly and Z. Chen and M. Neeley and A. Megrant and B. Burkett and R. Barends and K. Arya and B. Chiaro and Yu Chen and A. Dunsworth and A. Fowler and B. Foxen and C. Gidney and M. Giustina and R. Graff and T. Huang and E. Jeffrey and Erik Lucero and J.{\hspace{0.167em}}Y. Mutus and O. Naaman and C. Neill and C. Quintana and P. Roushan and Daniel Sank and A. Vainsencher and J. Wenner and T.{\hspace{0.167em}}C. White and S. Boixo and R. Babbush and V.{\hspace{0.167em}}N. Smelyanskiy and H. Neven and John{\hspace{0.167em}}M. Martinis},
  title = {Fluctuations of Energy-Relaxation Times in Superconducting Qubits},
  journal = {Physical Review Letters}
}

@article{Kelly2014,
  doi = {10.1103/physrevlett.112.240504},
  url = {https://doi.org/10.1103/physrevlett.112.240504},
  year = {2014},
  month = jun,
  publisher = {American Physical Society ({APS})},
  volume = {112},
  number = {24},
  author = {J. Kelly and R. Barends and B. Campbell and Y. Chen and Z. Chen and B. Chiaro and A. Dunsworth and A.{\hspace{0.167em}}G. Fowler and I.-C. Hoi and E. Jeffrey and A. Megrant and J. Mutus and C. Neill and P.{\hspace{0.167em}}J.{\hspace{0.167em}}J. O'Malley and C. Quintana and P. Roushan and D. Sank and A. Vainsencher and J. Wenner and T.{\hspace{0.167em}}C. White and A.{\hspace{0.167em}}N. Cleland and John M. Martinis},
  title = {Optimal Quantum Control Using Randomized Benchmarking},
  journal = {Physical Review Letters}
}

@article{Schuster2007,
  doi = {10.1038/nature05461},
  url = {https://doi.org/10.1038/nature05461},
  year = {2007},
  month = feb,
  publisher = {Springer Science and Business Media {LLC}},
  volume = {445},
  number = {7127},
  pages = {515--518},
  author = {D. I. Schuster and A. A. Houck and J. A. Schreier and A. Wallraff and J. M. Gambetta and A. Blais and L. Frunzio and J. Majer and B. Johnson and M. H. Devoret and S. M. Girvin and R. J. Schoelkopf},
  title = {Resolving photon number states in a superconducting circuit},
  journal = {Nature}
}

@article{Rabi1936,
  doi = {10.1103/physrev.49.324},
  url = {https://doi.org/10.1103/physrev.49.324},
  year = {1936},
  month = feb,
  publisher = {American Physical Society ({APS})},
  volume = {49},
  number = {4},
  pages = {324--328},
  author = {I. I. Rabi},
  title = {On the Process of Space Quantization},
  journal = {Physical Review}
}

@article{Wallraff2005,
  doi = {10.1103/physrevlett.95.060501},
  url = {https://doi.org/10.1103/physrevlett.95.060501},
  year = {2005},
  month = aug,
  publisher = {American Physical Society ({APS})},
  volume = {95},
  number = {6},
  author = {A. Wallraff and D. I. Schuster and A. Blais and L. Frunzio and J. Majer and M. H. Devoret and S. M. Girvin and R. J. Schoelkopf},
  title = {Approaching Unit Visibility for Control of a Superconducting Qubit with Dispersive Readout},
  journal = {Physical Review Letters}
}

@article{Ramsey1950,
  doi = {10.1103/physrev.78.695},
  url = {https://doi.org/10.1103/physrev.78.695},
  year = {1950},
  month = jun,
  publisher = {American Physical Society ({APS})},
  volume = {78},
  number = {6},
  pages = {695--699},
  author = {Norman F. Ramsey},
  title = {A Molecular Beam Resonance Method with Separated Oscillating Fields},
  journal = {Physical Review}
}

@article{Hahn1950,
  doi = {10.1103/physrev.80.580},
  url = {https://doi.org/10.1103/physrev.80.580},
  year = {1950},
  month = nov,
  publisher = {American Physical Society ({APS})},
  volume = {80},
  number = {4},
  pages = {580--594},
  author = {E. L. Hahn},
  title = {Spin Echoes},
  journal = {Physical Review}
}

@article{Caban2015,
  doi = {10.1007/s11128-015-1121-y},
  url = {https://doi.org/10.1007/s11128-015-1121-y},
  year = {2015},
  month = sep,
  publisher = {Springer Science and Business Media {LLC}},
  volume = {14},
  number = {12},
  pages = {4665--4690},
  author = {Pawe{\l} Caban and Jakub Rembieli{\'{n}}ski and Kordian A. Smoli{\'{n}}ski and Zbigniew Walczak},
  title = {Classification of two-qubit states},
  journal = {Quantum Information Processing}
}

@article{Dietrich2022,
  doi = {10.1088/1751-8121/ac4b13},
  url = {https://doi.org/10.1088/1751-8121/ac4b13},
  year = {2022},
  month = feb,
  publisher = {{IOP} Publishing},
  volume = {55},
  number = {9},
  pages = {095302},
  author = {Heiko Dietrich and Willem A. de Graaf and Alessio Marrani and Marcos Origlia},
  title = {Classification of four qubit states and their stabilisers under {SLOCC} operations},
  journal = {Journal of Physics A: Mathematical and Theoretical}
}

@article{Proctor2019,
  doi = {10.1103/physrevlett.123.030503},
  url = {https://doi.org/10.1103/physrevlett.123.030503},
  year = {2019},
  month = jul,
  publisher = {American Physical Society ({APS})},
  volume = {123},
  number = {3},
  author = {Timothy J. Proctor and Arnaud Carignan-Dugas and Kenneth Rudinger and Erik Nielsen and Robin Blume-Kohout and Kevin Young},
  title = {Direct Randomized Benchmarking for Multiqubit Devices},
  journal = {Physical Review Letters}
}

@article{Chow2009,
  doi = {10.1103/physrevlett.102.090502},
  url = {https://doi.org/10.1103/physrevlett.102.090502},
  year = {2009},
  month = mar,
  publisher = {American Physical Society ({APS})},
  volume = {102},
  number = {9},
  author = {J. M. Chow and J. M. Gambetta and L. Tornberg and Jens Koch and Lev S. Bishop and A. A. Houck and B. R. Johnson and L. Frunzio and S. M. Girvin and R. J. Schoelkopf},
  title = {Randomized Benchmarking and Process Tomography for Gate Errors in a Solid-State Qubit},
  journal = {Physical Review Letters}
}


@article{Krantz2016,
  doi = {10.1038/ncomms11417},
  url = {https://doi.org/10.1038/ncomms11417},
  year = {2016},
  month = may,
  publisher = {Springer Science and Business Media {LLC}},
  volume = {7},
  number = {1},
  author = {Philip Krantz and Andreas Bengtsson and Michaël Simoen and Simon Gustavsson and Vitaly Shumeiko and W. D. Oliver and C. M. Wilson and Per Delsing and Jonas Bylander},
  title = {Single-shot read-out of a superconducting qubit using a Josephson parametric oscillator},
  journal = {Nature Communications}
}

@article{Magnard2018,
  doi = {10.1103/physrevlett.121.060502},
  url = {https://doi.org/10.1103/physrevlett.121.060502},
  year = {2018},
  month = aug,
  publisher = {American Physical Society ({APS})},
  volume = {121},
  number = {6},
  author = {P. Magnard and P. Kurpiers and B. Royer and T. Walter and J.-C. Besse and S. Gasparinetti and M. Pechal and J. Heinsoo and S. Storz and A. Blais and A. Wallraff},
  title = {Fast and Unconditional All-Microwave Reset of a Superconducting Qubit},
  journal = {Physical Review Letters}
}

@article{Itano2009,
  doi = {10.1088/1742-6596/196/1/012018},
  url = {https://doi.org/10.1088/1742-6596/196/1/012018},
  year = {2009},
  month = nov,
  publisher = {{IOP} Publishing},
  volume = {196},
  pages = {012018},
  author = {Wayne M Itano},
  title = {Perspectives on the quantum Zeno paradox},
  journal = {Journal of Physics: Conference Series}
}

@misc{Altepeter2004,
  title = {Quantum State Tomography},
  url = {http://research.physics.illinois.edu/QI/Photonics/tomography-files/tomo_chapter_2004.pdf},
  publisher = {University of Illinois},
  year = {2004},
}

@misc{contralto,
  title = {Contralto chip},
  url = {https://www.quantware.eu/product/contralto},
  publisher = {QuatWare},
  year = {2022},
}

@article{Baulieu2022,
  doi = {10.1007/s10909-022-02896-5},
  url = {https://doi.org/10.1007/s10909-022-02896-5},
  year = {2022},
  month = nov,
  publisher = {Springer Science and Business Media (LLC)},
  volume = {209},
  number = {3-4},
  pages = {570--580},
  author = {G. Baulieu and J. Billard and G. Bres and J.-L. Bret and D. Chaize and J. Colas and Q. Dong and O. Exshaw and C. Guerin and S. Ferriol and J.-B. Filippini and M. De Jesus and Y. Jin and A. Juillard and J. Lamblin and H. Lattaud and J. Minet and D. Misiak and A. Monfardini and F. Rarbi and T. Salagnac and L. Vagneron and},
  title = {HEMT-Based 1 K Front-End Electronics for the Heat and Ionization Ge (CryoCube) of the Future Ricochet Experiment},
  journal = {Journal of Low Temperature Physics}
}

@misc{minicircuit,
  title = {MiniCircuit},
  url = {https://www.minicircuits.com/},
}

@misc{silentwaves,
  title = {Silent Waves},
  url = {https://silent-waves.com/},
}

@article{Yaakobi2013,
  doi = {10.1103/physrevb.87.144301},
  url = {https://doi.org/10.1103/physrevb.87.144301},
  year = {2013},
  month = apr,
  publisher = {American Physical Society ({APS})},
  volume = {87},
  number = {14},
  author = {O. Yaakobi and L. Friedland and C. Macklin and I. Siddiqi},
  title = {Parametric amplification in Josephson junction embedded transmission lines},
  journal = {Physical Review B}
}

@article{Ranadive2022,
  doi = {10.1038/s41467-022-29375-5},
  url = {https://doi.org/10.1038/s41467-022-29375-5},
  year = {2022},
  month = apr,
  publisher = {Springer Science and Business Media {LLC}},
  volume = {13},
  number = {1},
  author = {Arpit Ranadive and Martina Esposito and Luca Planat and Edgar Bonet and C{\'{e}}cile Naud and Olivier Buisson and Wiebke Guichard and Nicolas Roch},
  title = {Kerr reversal in Josephson meta-material and traveling wave parametric amplification},
  journal = {Nature Communications}
}

@article{McClintock2003,
   author = {P.V.E. McClintock},
   doi = {10.1016/B0-12-227410-5/00157-5},
   journal = {Encyclopedia of Physical Science and Technology},
   month = {1},
   pages = {37-59},
   publisher = {Academic Press},
   title = {Cryogenics},
   year = {2003},
}
@article{Craig2004,
   author = {Nathaniel Craig and Ted Lester},
   title = {Hitchhiker's Guide to the Dilution Refrigerator},
   year = {2004},
}
@article{Huang2020,
  doi = {10.1007/s11432-020-2881-9},
  url = {https://doi.org/10.1007/s11432-020-2881-9},
  year = {2020},
  month = jul,
  publisher = {Springer Science and Business Media {LLC}},
  volume = {63},
  number = {8},
  author = {He-Liang Huang and Dachao Wu and Daojin Fan and Xiaobo Zhu},
  title = {Superconducting quantum computing: a review},
  journal = {Science China Information Sciences}
}

@article{DiCarlo2009,
  doi = {10.1038/nature08121},
  url = {https://doi.org/10.1038/nature08121},
  year = {2009},
  month = jun,
  publisher = {Springer Science and Business Media {LLC}},
  volume = {460},
  number = {7252},
  pages = {240--244},
  author = {L. DiCarlo and J. M. Chow and J. M. Gambetta and Lev S. Bishop and B. R. Johnson and D. I. Schuster and J. Majer and A. Blais and L. Frunzio and S. M. Girvin and R. J. Schoelkopf},
  title = {Demonstration of two-qubit algorithms with a superconducting quantum processor},
  journal = {Nature}
}

@article{McKay2017,
  doi = {10.1103/physreva.96.022330},
  url = {https://doi.org/10.1103/physreva.96.022330},
  year = {2017},
  month = aug,
  publisher = {American Physical Society ({APS})},
  volume = {96},
  number = {2},
  author = {David C. McKay and Christopher J. Wood and Sarah Sheldon and Jerry M. Chow and Jay M. Gambetta},
  title = {Efficient gates for quantum computing},
  journal = {Physical Review A}
}

@article{Silveri2015,
  doi = {10.1088/1367-2630/17/4/043058},
  url = {https://doi.org/10.1088/1367-2630/17/4/043058},
  year = {2015},
  month = apr,
  publisher = {{IOP} Publishing},
  volume = {17},
  number = {4},
  pages = {043058},
  author = {M P Silveri and K S Kumar and J Tuorila and J Li and A Veps\"{a}l\"{a}inen and E V Thuneberg and G S Paraoanu},
  title = {St\"{u}ckelberg interference in a superconducting qubit under periodic latching modulation},
  journal = {New Journal of Physics}
}

@article{Sun2020,
  doi = {10.1103/physreva.101.063832},
  url = {https://doi.org/10.1103/physreva.101.063832},
  year = {2020},
  month = jun,
  publisher = {American Physical Society ({APS})},
  volume = {101},
  number = {6},
  author = {Xi-Mei Sun and Lei Cong and Hans-Peter Eckle and Zu-Jian Ying and Hong-Gang Luo},
  title = {Application of the polaron picture in the two-qubit quantum Rabi model},
  journal = {Physical Review A}
}

@article{Rol2020,
  doi = {10.1063/1.5133894},
  url = {https://doi.org/10.1063/1.5133894},
  year = {2020},
  month = feb,
  publisher = {{AIP} Publishing},
  volume = {116},
  number = {5},
  author = {M. A. Rol and L. Ciorciaro and F. K. Malinowski and B. M. Tarasinski and R. E. Sagastizabal and C. C. Bultink and Y. Salathe and N. Haandbaek and J. Sedivy and L. DiCarlo},
  title = {Time-domain characterization and correction of on-chip distortion of control pulses in a quantum processor},
  journal = {Applied Physics Letters}
}

@article{Gu2021,
  doi = {10.1103/prxquantum.2.040348},
  url = {https://doi.org/10.1103/prxquantum.2.040348},
  year = {2021},
  month = dec,
  publisher = {American Physical Society ({APS})},
  volume = {2},
  number = {4},
  author = {Xiu Gu and Jorge Fern{\'{a}}ndez-Pend{\'{a}}s and Pontus Vikst{\aa}l and Tahereh Abad and Christopher Warren and Andreas Bengtsson and Giovanna Tancredi and Vitaly Shumeiko and Jonas Bylander and G\"{o}ran Johansson and Anton Frisk Kockum},
  title = {Fast Multiqubit Gates through Simultaneous Two-Qubit Gates},
  journal = {{PRX} Quantum}
}

@misc{Ferreira2022,
  doi = {10.48550/ARXIV.2206.10076},
  author = {Ferreira,  Vinicius S. and Kim,  Gihwan and Butler,  Andreas and Pichler,  Hannes and Painter,  Oskar},
  title = {Deterministic Generation of Multidimensional Photonic Cluster States with a Single Quantum Emitter},
  publisher = {arXiv},
  year = {2022},
}

@article{Ball2022,
  doi = {10.1140/epjc/s10052-022-10328-7},
  url = {https://doi.org/10.1140/epjc/s10052-022-10328-7},
  year = {2022},
  month = may,
  publisher = {Springer Science and Business Media {LLC}},
  volume = {82},
  number = {5},
  author = {Richard D. Ball and Stefano Carrazza and Juan Cruz-Martinez and Luigi Del Debbio and Stefano Forte and Tommaso Giani and Shayan Iranipour and Zahari Kassabov and Jose I. Latorre and Emanuele R. Nocera and Rosalyn L. Pearson and Juan Rojo and Roy Stegeman and Christopher Schwan and Maria Ubiali and Cameron Voisey and Michael Wilson},
  title = {The path to proton structure at 1{\%} accuracy},
  journal = {The European Physical Journal C}
}

@article{PrezSalinas2020,
  doi = {10.22331/q-2020-02-06-226},
  url = {https://doi.org/10.22331/q-2020-02-06-226},
  year = {2020},
  month = feb,
  publisher = {Verein zur Forderung des Open Access Publizierens in den Quantenwissenschaften},
  volume = {4},
  pages = {226},
  author = {Adri{\'{a}}n P{\'{e}}rez-Salinas and Alba Cervera-Lierta and Elies Gil-Fuster and Jos{\'{e}} I. Latorre},
  title = {Data re-uploading for a universal quantum classifier},
  journal = {Quantum}
}

@book{Naidu2003,
	title        = {Modern Digital Signal Processing},
	author       = {Naidu, P S V},
	year         = 2003,
	month        = {09},
	publisher    = {Alpha Science International}
}

@book{Franks1969,
	title        = {Signal Theory},
	author       = {Franks, L E},
	year         = 1969,
	month        = sep,
	publisher    = {Prentice Hall},
	address      = {Old Tappan, NJ},
	series       = {Prentice-Hall electrical engineering series}
}
@article{Hutchings2017,
	title        = {Tunable Superconducting Qubits with Flux-Independent Coherence},
	author       = {M. D. Hutchings and J. B. Hertzberg and Y. Liu and N. T. Bronn and G. A. Keefe and Markus Brink and Jerry M. Chow and B. L. T. Plourde},
	year         = 2017,
	month        = oct,
	journal      = {Physical Review Applied},
	publisher    = {American Physical Society ({APS})},
	volume       = 8,
	number       = 4,
	doi          = {10.1103/physrevapplied.8.044003},
	url          = {https://doi.org/10.1103/physrevapplied.8.044003}
}

@misc{Robbiati2023,
  doi = {10.48550/ARXIV.2303.11346},
  url = {https://arxiv.org/abs/2303.11346},
  author = {Robbiati,  Matteo and Cruz-Martinez,  Juan M. and Carrazza,  Stefano},
  keywords = {Quantum Physics (quant-ph),  High Energy Physics - Phenomenology (hep-ph),  FOS: Physical sciences,  FOS: Physical sciences},
  title = {Determining probability density functions with adiabatic quantum computing},
  publisher = {arXiv},
  year = {2023},
  copyright = {arXiv.org perpetual,  non-exclusive license}
}

@article{Dixit2021,
  doi = {10.1103/physrevlett.126.141302},
  url = {https://doi.org/10.1103/physrevlett.126.141302},
  year = {2021},
  month = apr,
  publisher = {American Physical Society ({APS})},
  volume = {126},
  number = {14},
  author = {Akash V. Dixit and Srivatsan Chakram and Kevin He and Ankur Agrawal and Ravi K. Naik and David I. Schuster and Aaron Chou},
  title = {Searching for Dark Matter with a Superconducting Qubit},
  journal = {Physical Review Letters}
}

@misc{quax_project,
  title = "The QUaerere AXions",
  authout = "INFN",
  year = "2020",
  howpublished  = {\url{https://www.pd.infn.it/eng/quax/}},
}

@misc{qubit_project,
  title = "Qub-IT: Quantum sensing with superconducting qubits for fundamental physics",
  authout = "INFN",
  year = "2020",
  howpublished  = {\url{https://web.infn.it/qub-it/}},
}



@techreport{Feynman1982,
author = {Feynman, Richard P},
booktitle = {International Journal of Theoretical Physics},
file = {:C\:/Users/Rodolfo/AppData/Local/Mendeley Ltd./Mendeley Desktop/Downloaded/Feynman - 1982 - Simulating Physics with Computers.pdf:pdf},
number = {6},
title = {{Simulating Physics with Computers}},
volume = {21},
year = {1982}
}
@misc{quantum_algos,
  doi = {10.48550/ARXIV.2201.10574},
  url = {https://arxiv.org/abs/2201.10574},
  author = {Portugal,  Renato},
  keywords = {Quantum Physics (quant-ph),  Computational Complexity (cs.CC),  FOS: Physical sciences,  FOS: Physical sciences,  FOS: Computer and information sciences,  FOS: Computer and information sciences},
  title = {Basic Quantum Algorithms},
  publisher = {arXiv},
  year = {2022},
  copyright = {Creative Commons Attribution 4.0 International}
}
@article{Blais2021,
  doi = {10.1103/revmodphys.93.025005},
  url = {https://doi.org/10.1103/revmodphys.93.025005},
  year = {2021},
  month = may,
  publisher = {American Physical Society ({APS})},
  volume = {93},
  number = {2},
  author = {Alexandre Blais and Arne L. Grimsmo and S.{\hspace{0.167em}}M. Girvin and Andreas Wallraff},
  title = {Circuit quantum electrodynamics},
  journal = {Reviews of Modern Physics}
}

@online{qibo-website,
  title = {Qibo Quantum Computing Library},
  year = {2023},
  url = {https://www.qibo.science/},
}

@inproceedings{Magniez2022,
  doi = {10.1117/12.2627026},
  url = {https://doi.org/10.1117/12.2627026},
  year = {2022},
  month = aug,
  publisher = {{SPIE}},
  author = {Aurelie Magniez and Lisa Bardou and Timothy J. Morris and Kieran O{\textquotesingle}Brien},
  editor = {Dirk Schmidt and Laura Schreiber and Elise Vernet},
  title = {{MKID}: an energy sensitive superconducting detector for the next generation of {XAO} systems},
  booktitle = {Adaptive Optics Systems {VIII}}
}

@article{Caputo2021,
  doi = {10.1103/physrevd.104.095029},
  url = {https://doi.org/10.1103/physrevd.104.095029},
  year = {2021},
  month = nov,
  publisher = {American Physical Society ({APS})},
  volume = {104},
  number = {9},
  author = {Andrea Caputo and Alexander J. Millar and Ciaran A.{\hspace{0.167em}}J. O'Hare and Edoardo Vitagliano},
  title = {Dark photon limits: A handbook},
  journal = {Physical Review D}
}

@book{Pobell2007,
  doi = {10.1007/978-3-540-46360-3},
  url = {https://doi.org/10.1007/978-3-540-46360-3},
  year = {2007},
  publisher = {Springer Berlin Heidelberg},
  author = {Frank Pobell},
  title = {Matter and Methods at Low Temperatures}
}

@online{quantumtech-blog,
  title = {Quantum Computing Modalities: A Qubit Primer Revisited},
  year = {2022},
  month = {10},
  url = {https://quantumtech.blog/2022/10/20/quantum-computing-modalities-a-qubit-primer-revisited/},
}


@misc{qibosoq_paper,
  doi = {10.48550/ARXIV.2310.05851},
  url = {https://arxiv.org/abs/2310.05851},
  author = {Carobene,  Rodolfo and Candido,  Alessandro and Serrano,  Javier and Orgaz-Fuertes,  Alvaro and Giachero,  Andrea and Carrazza,  Stefano},
  keywords = {Quantum Physics (quant-ph),  FOS: Physical sciences,  FOS: Physical sciences},
  title = {Qibosoq: an open-source framework for quantum circuit RFSoC programming},
  publisher = {arXiv},
  year = {2023},
  copyright = {arXiv.org perpetual,  non-exclusive license}
}

@online{qibosoq-github,
  title = {Qibosoq},
  author = {{Qibo Team}},
  year = {2023},
  url = {https://github.com/qiboteam/qibosoq},
}

@online{qibolab-github,
  title = {Qibolab},
  author = {{Qibo Team}},
  year = {2023},
  url = {https://github.com/qiboteam/qibolab},
}

@online{qibo-github,
  title = {Qibo},
  author = {{Qibo Team}},
  year = {2023},
  url = {https://github.com/qiboteam/qibo},
}




